@misc{Wiki_Football,
TITLE       = {Football},
ORGANIZATION = {Wikipedia},
URL         = {https://en.wikipedia.org/wiki/Football}
}

@ARTICLE{First,
AUTHOR      = {Buldú and J.M. and Busquets and J. and Echegoyen and I. et al.},
TITLE       = {Defining a historic football team: Using Network Science to analyze Guardiola’s F.C. Barcelona},
JOURNAL     = {Scientific Reports},
YEAR        = {2019},
Volume      = {9},
Pages       = {13602}
}
